@book{lec9,
	author = {Yokota, Haruo},
	title = {Lecture 9: Parallel Processing and Architecture},
	month = {December},
	year = {2015},
	publisher = {Computer Science Department - Tokyo Institute of Technology}
}

@book{lec1011,
	author = {Yokota, Haruo},
	title = {Lecture 10-11: Parallel Join Operation},
	month = {December},
	year = {2015},
	publisher = {Computer Science Department - Tokyo Institute of Technology}
}

@book{lec12,
	author = {Yokota, Haruo},
	title = {Lecture 12: Skew handling},
	month = {January},
	year = {2016},
	publisher = {Computer Science Department - Tokyo Institute of Technology}
}

@book{lec3,
	author = {Yokota, Haruo},
	title = {Lecture 3: Data Warehousing},
	month = {January}, 
	year = {2016},
	publisher = {Computer Science Department - Tokyo Institute of Technology}
}

@article{goil,
    author = {Sanjay Goil , Alok Choudhary},
    title = {Parallel Data Cube Construction for High Performance On-Line Analytical Processing },
    journal = {Processing of 4th International Conference on High Performance Computing},
    volume={},
    year = {1997},
    pages={}
}

@article{muto,
    author = {Seigo Muto, Masaru Kitsuregawa},
    title = {A Dynamic Load Balancing Strategy for Parallel Datacube Computation},
    journal = {ACM 2nd Annual Workshop on Data Warehousing and OLAP},
    volume={},
    year = {1999},
    pages={}
}

@misc{doom,
    title = {Is the Relational Database Doomed?},
    howpublished= {\url{http://readwrite.com/2009/02/12/is-the-relational-database-doomed}},
    note = {Accessed: 2016-02-10}
}

@misc{xml,
    title = {Native XML Databases and RDF},
    howpublished= {\url{http://www.dataversity.net/native-xml-databases-and-rdf/}},
    note = {Accessed: 2016-02-10}
}