@misc{gephi,
    title = {Gephi - The Open Graph Viz Platform},
    author = {Gephi.org},
    howpublished = {http://gephi.github.io/},
    note = {Accessed: 2015-11-25}
}

@misc{mgit,
    title = {Zachary Snap.py},
    author = {Hoang Nguyen},
    howpublished = {https://github.com/gear/zachary-snap.py},
    note = {Accessed: 2015-11-29}
}

