@book{net,
    author = {M. E. J. Newman},
    title = {Networks: An Introduction},
    publisher ={Oxford University Press},
    year = 2010,
    isbn = {978-0-19-920665-0}
}
