@book{1,
    author = {Wenjie Fang},
    title = {On Hyperbolic Geometry Structure of Complex Networks},
    month = {September},
    year = {2011},
    publisher = {Report of MRA summer internship}
}

@book{2,
    author = {Dmitri Krioukov },
    title = {Hyperbolic Geometry of Complex Networks},
    month = {September},
    year = {2011},
    publisher = {arXiv:1006.5169v2}
}


@book{3,
    author = {M. Boguna }, 
    title = {Navigability of complex networks},
    year = {2008},
    publisher = {Nature Physics, 5(1):74-80}
} 

@book{6,
    author = {V. Chepoi }, 
    title = {Diameters, centers, and approximating trees of delta-hyperbolic geodesic spaces and graphs.},
    year = {2008},
    publisher = {Proceedings of the 24th annual symposium on Computational geometry, ACM.}
} 

@book{7,
    author = {V. Chepoi }, 
    title = {Packing and covering delta-hyperbolic spaces by balls.},
    year = {2007},
    publisher = {Approximation, Randomization, and Combinatorial Optimization, Algorithms and Techniques.}
} 

@book{8,
    author = {F. Chung }, 
    title = {The average distances in random graphs with given expected degrees.},
    year = {2002},
    publisher = {Proceedings of the National Academy of Sciences of the USA.}
} 

@book{11,
    author = {C. Gavoille }, 
    title = {Distance labeling in hyperbolic graphs},
    year = {2005},
    publisher = {Algorithms and Computation.}
} 

@book{12,
    author = {E. Ghys }, 
    title = {Sur Les Groupes Hyperboliques D'apres Mikhael Gromov},
    year = {1990},
    publisher = {Birkhauser.}
}


@book{13,
    author = {M. Gromov}, 
    title = {Hyperbolic groups},
    year = {1987},
    publisher = {Essays in group theory, 8:75-263.}
}


@book{14,
    author = {J. Kleinberg }, 
    title = {The small-world phenomenon: An algorithmic perspective.},
    year = {2000},
    publisher = {Annual ACM symposium on theory of computing, volume 32.}
}


@book{23,
    author = {Y. Shavitt}, 
    title = {Hyperbolic embedding of internet graph for distance estimation and overlay construction.},
    year = {2002},
    publisher = {Networking.}
}



@book{21,
    author = {Y. Wu}, 
    title = {Hyperbolicity and chordality of a graph.},
    year = {2011},
    publisher = {The Electronic Journal of Combinatorics.}
}











