@book{lec2,
    author = {Watanabe, Osamu},
    title = {Lecture 2: Formal Language Theory - Regular Language},
    month = {October},
    year = {2015},
    publisher = {Department of Mathematical and Computing Science - Tokyo Institute of Technology}
}

@book{lec3,
    author = {Watanabe, Osamu},
    title = {Lecture 4: Selected Topics (1) \textendash PAC Learning Framework},
    month = {October},
    year = {2015},
    publisher = {Department of Mathematical and Computing Science - Tokyo Institute of Technology}
}


@book{sip,
    author = {Sipser, Michael}, 
    title = {Introduction to the Theory of Computation},
    year = {1996},
    isbn = {053494728X},
    edition = {1st},
    publisher = {International Thomson Publishing}
} 
