@article{goto2008,
    author={K. Goto, R. Geijn},
    title={Anatomy of high-performance matrix multiplication},
    journal={ACM Transactions on Mathematical Software},
    volume={34},
    year=2008,
    pages={1-25}
}

@article{gunnels2005,
    author = {Gunnels J., Gustavson F., Henry G., and van de Geijn R. A.},
    title = {A Family of High- Performance Matrix Multiplication Algrorithms},
    journal = {LNCS 3732. Springer-Verlag},
    volume={},
    year = {2005},
    pages={256-265}
}

@article{gunnels2001,
    author = {Gunnels J. A., Gustavson F. G., Henry G. M., and van de Geijn R. A.},
    title = {FLAME: Formal linear algebra methods environment},
    journal = {ACM Transactions on Mathematical Software},
    volume={27},
    year = {2001},
    pages={422-455}
}

@misc{gototx,
    title = {The Human Code},
    howpublished= {\url{http://www.utexas.edu/features/2006/goto/}},
    note = {Accessed: 2016-02-10}
}
